

@inproceedings{imranaidr2014,
  title={Aidr: Artificial intelligence for disaster response},
  author={Imran, Muhammad and Castillo, Carlos and Lucas, Ji and Meier, Patrick and Vieweg, Sarah},
  booktitle={Proceedings of the companion publication of the 23rd international conference on World wide web companion},
  pages={159--162},
  year={2014},
  organization={International World Wide Web Conferences Steering Committee}
}

@inproceedings{olteanu2014,
  title={CrisisLex: A Lexicon for Collecting and Filtering Microblogged Communications in Crises.},
  author={Olteanu, Alexandra and Castillo, Carlos and Diaz, Fernando and Vieweg, Sarah},
  booktitle={ICWSM},
  year={2014}
}



@article{ashktorab2014tweedr,
  title={Tweedr: Mining twitter to inform disaster response},
  author={Ashktorab, Zahra and Brown, Christopher and Nandi, Manojit and Culotta, Aron},
  journal={Proc. of ISCRAM},
  year={2014}
}

@article{reuterfifteen,
	title={Fifteen years of social media in emergencies: a retrospective review and future directions for crisis informatics},
	author={Reuter, Christian and Kaufhold, Marc-Andr{\'e}},
	journal={Journal of Contingencies and Crisis Management},
	publisher={Wiley Online Library}
}


@inproceedings{imran2013extracting,
	title={Extracting information nuggets from disaster-Related messages in social media.},
	author={Imran, Muhammad and Elbassuoni, Shady and Castillo, Carlos and Diaz, Fernando and Meier, Patrick},
	booktitle={ISCRAM},
	year={2013}
}

@inproceedings{kumar2011tweettracker,
	title={TweetTracker: An Analysis Tool for Humanitarian and Disaster Relief.},
	author={Kumar, Shamanth and Barbier, Geoffrey and Abbasi, Mohammad Ali and Liu, Huan},
	booktitle={ICWSM},
	year={2011}
}

@inproceedings{stowe2016identifying,
	title={Identifying and categorizing disaster-related tweets},
	author={Stowe, Kevin and Paul, Michael J and Palmer, Martha and Palen, Leysia and Anderson, Kenneth},
	booktitle={Proceedings of The Fourth International Workshop on Natural Language Processing for Social Media},
	pages={1--6},
	year={2016}
}

@inproceedings{bruns2012local,
	title={Local and global responses to disaster:\# eqnz and the Christchurch earthquake},
	author={Bruns, Axel and Burgess, Jean E},
	booktitle={Disaster and emergency management conference, conference proceedings},
	volume={2012},
	pages={86--103},
	year={2012},
	organization={AST Management Pty Ltd}
}

@inproceedings{potts2011tweeting,
	title={Tweeting disaster: hashtag constructions and collisions},
	author={Potts, Liza and Seitzinger, Joyce and Jones, Dave and Harrison, Angela},
	booktitle={Proceedings of the 29th ACM international conference on Design of communication},
	pages={235--240},
	year={2011},
	organization={ACM}
}

@inproceedings{karimi2013classifying,
	title={Classifying microblogs for disasters},
	author={Karimi, Sarvnaz and Yin, Jie and Paris, Cecile},
	booktitle={Proceedings of the 18th Australasian Document Computing Symposium},
	pages={26--33},
	year={2013},
	organization={ACM}
}

@inproceedings{mendoza2010twitter,
	title={Twitter Under Crisis: Can we trust what we RT?},
	author={Mendoza, Marcelo and Poblete, Barbara and Castillo, Carlos},
	booktitle={Proceedings of the first workshop on social media analytics},
	pages={71--79},
	year={2010},
	organization={ACM}
}

@article{kryvasheyeu2016rapid,
	title={Rapid assessment of disaster damage using social media activity},
	author={Kryvasheyeu, Yury and Chen, Haohui and Obradovich, Nick and Moro, Esteban and Van Hentenryck, Pascal and Fowler, James and Cebrian, Manuel},
	journal={Science advances},
	volume={2},
	number={3},
	pages={e1500779},
	year={2016},
	publisher={American Association for the Advancement of Science}
}

@inproceedings{lingad2013location,
	title={Location extraction from disaster-related microblogs},
	author={Lingad, John and Karimi, Sarvnaz and Yin, Jie},
	booktitle={Proceedings of the 22nd international conference on world wide web},
	pages={1017--1020},
	year={2013},
	organization={ACM}
}

@inproceedings{huang2015disastermapper,
	title={DisasterMapper: A CyberGIS framework for disaster management using social media data},
	author={Huang, Qunying and Cervone, Guido and Jing, Duangyang and Chang, Chaoyi},
	booktitle={Proceedings of the 4th International ACM SIGSPATIAL Workshop on Analytics for Big Geospatial Data},
	pages={1--6},
	year={2015},
	organization={ACM}
}

@inproceedings{yin2014pinpointing,
	title={Pinpointing locational focus in microblogs},
	author={Yin, Jie and Karimi, Sarvnaz and Lingad, John},
	booktitle={Proceedings of the 2014 Australasian Document Computing Symposium},
	pages={66},
	year={2014},
	organization={ACM}
}

@inproceedings{hecht2011tweets,
	title={Tweets from Justin Bieber's heart: the dynamics of the location field in user profiles},
	author={Hecht, Brent and Hong, Lichan and Suh, Bongwon and Chi, Ed H},
	booktitle={Proceedings of the SIGCHI conference on human factors in computing systems},
	pages={237--246},
	year={2011},
	organization={ACM}
}

@article{kalyanam2016prediction,
	title={Prediction and Characterization of High-Activity Events in Social Media Triggered by Real-World News},
	author={Kalyanam, Janani and Quezada, Mauricio and Poblete, Barbara and Lanckriet, Gert},
	journal={PloS one},
	volume={11},
	number={12},
	pages={e0166694},
	year={2016},
	publisher={Public Library of Science}
}

@article{mardia1970measures,
	title={Measures of multivariate skewness and kurtosis with applications},
	author={Mardia, Kanti V},
	journal={Biometrika},
	volume={57},
	number={3},
	pages={519--530},
	year={1970},
	publisher={Oxford University Press}
}

@inproceedings{olteanu2015expect,
	title={What to expect when the unexpected happens: Social media communications across crises},
	author={Olteanu, Alexandra and Vieweg, Sarah and Castillo, Carlos},
	booktitle={Proceedings of the 18th ACM Conference on Computer Supported Cooperative Work \& Social Computing},
	pages={994--1009},
	year={2015},
	organization={ACM}
}

@inproceedings{guzman2013line,
	title={On-line relevant anomaly detection in the Twitter stream: an efficient bursty keyword detection model},
	author={Guzman, Jheser and Poblete, Barbara},
	booktitle={Proceedings of the acm sigkdd workshop on outlier detection and description},
	pages={31--39},
	year={2013},
	organization={ACM}
}

@inproceedings{maldonado2017,
	title={A Lightweight and Real-Time Worldwide Earthquake Detection and Monitoring System Based on Citizen Sensors},
	author={Maldonado, Jazmine and Guzman, Jheser and Poblete, Barbara},
	booktitle={Proceedings of the Fifth Conference of Human Computation and Crowdsourcing},
	pages={137--146},
	year={2017},
	organization={AAAI}
}

@inproceedings{caragea2011classifying,
	title={Classifying text messages for the Haiti earthquake},
	author={Caragea, Cornelia and McNeese, Nathan and Jaiswal, Anuj and Traylor, Greg and Kim, Hyun-Woo and Mitra, Prasenjit and Wu, Dinghao and Tapia, Andrea H and Giles, Lee and Jansen, Bernard J and others},
	booktitle={Proceedings of the 8th international conference on information systems for crisis response and management (ISCRAM2011)},
	year={2011},
	organization={Citeseer}
}

@article{lunardon2014rose,
	title={ROSE: A Package for Binary Imbalanced Learning.},
	author={Lunardon, Nicola and Menardi, Giovanna and Torelli, Nicola},
	journal={R Journal},
	volume={6},
	number={1},
	year={2014}
}

@book{castillo2016big,
	title={Big crisis data: social media in disasters and time-critical situations},
	author={Castillo, Carlos},
	year={2016},
	publisher={Cambridge University Press}
}


@inproceedings{palen2007citizen,
	title={Citizen communications in crisis: anticipating a future of ICT-supported public participation},
	author={Palen, Leysia and Liu, Sophia B},
	booktitle={Proceedings of the SIGCHI conference on Human factors in computing systems},
	pages={727--736},
	year={2007},
	organization={ACM}
}

@article{imran2015processing,
	title={Processing social media messages in mass emergency: A survey},
	author={Imran, Muhammad and Castillo, Carlos and Diaz, Fernando and Vieweg, Sarah},
	journal={ACM Computing Surveys (CSUR)},
	volume={47},
	number={4},
	pages={67},
	year={2015},
	publisher={ACM}
}

@inproceedings{cameron2012emergency,
	title={Emergency situation awareness from twitter for crisis management},
	author={Cameron, Mark A and Power, Robert and Robinson, Bella and Yin, Jie},
	booktitle={Proceedings of the 21st International Conference on World Wide Web},
	pages={695--698},
	year={2012},
	organization={ACM}
}

@inproceedings{yin2012esa,
	title={ESA: emergency situation awareness via microbloggers},
	author={Yin, Jie and Karimi, Sarvnaz and Robinson, Bella and Cameron, Mark},
	booktitle={Proceedings of the 21st ACM international conference on Information and knowledge management},
	pages={2701--2703},
	year={2012},
	organization={ACM}
}

@inproceedings{watanabe2011jasmine,
	title={Jasmine: a real-time local-event detection system based on geolocation information propagated to microblogs},
	author={Watanabe, Kazufumi and Ochi, Masanao and Okabe, Makoto and Onai, Rikio},
	booktitle={Proceedings of the 20th ACM international conference on Information and knowledge management},
	pages={2541--2544},
	year={2011},
	organization={ACM}
}

@inproceedings{li2012tedas,
	title={Tedas: A twitter-based event detection and analysis system},
	author={Li, Rui and Lei, Kin Hou and Khadiwala, Ravi and Chang, Kevin Chen-Chuan},
	booktitle={Data engineering (icde), 2012 ieee 28th international conference on},
	pages={1273--1276},
	year={2012},
	organization={IEEE}
}

@article{unankard2015emerging,
	title={Emerging event detection in social networks with location sensitivity},
	author={Unankard, Sayan and Li, Xue and Sharaf, Mohamed A},
	journal={World Wide Web},
	volume={18},
	number={5},
	pages={1393--1417},
	year={2015},
	publisher={Springer}
}

@inproceedings{walther2013geo,
	title={Geo-spatial Event Detection in the Twitter Stream.},
	author={Walther, Maximilian and Kaisser, Michael},
	booktitle={ECIR},
	pages={356--367},
	year={2013},
	organization={Springer}
}

@inproceedings{abel2012twitcident,
	title={Twitcident: fighting fire with information from social web streams},
	author={Abel, Fabian and Hauff, Claudia and Houben, Geert-Jan and Stronkman, Richard and Tao, Ke},
	booktitle={Proceedings of the 21st International Conference on World Wide Web},
	pages={305--308},
	year={2012},
	organization={ACM}
}

@article{becker2011beyond,
	title={Beyond Trending Topics: Real-World Event Identification on Twitter.},
	author={Becker, Hila and Naaman, Mor and Gravano, Luis},
	journal={ICWSM},
	volume={11},
	number={2011},
	pages={438--441},
	year={2011}
}

@article{graham2014world,
  title={Where in the world are you? Geolocation and language identification in Twitter},
  author={Graham, Mark and Hale, Scott A and Gaffney, Devin},
  journal={The Professional Geographer},
  volume={66},
  number={4},
  pages={568--578},
  year={2014},
  publisher={Taylor \& Francis}
}


@article{carr1932disaster,
	title={Disaster and the sequence-pattern concept of social change},
	author={Carr, Lowell Juilliard},
	journal={American Journal of Sociology},
	volume={38},
	number={2},
	pages={207--218},
	year={1932},
	publisher={University of Chicago Press}
}
@article{carr1932disaster,
	title={Disaster and the sequence-pattern concept of social change},
	author={Carr, Lowell Juilliard},
	journal={American Journal of Sociology},
	volume={38},
	number={2},
	pages={207--218},
	year={1932},
	publisher={University of Chicago Press}
}

@article{dha1992internationally,
  title={Internationally agreed glossary of basic terms related to disaster management},
  author={DHA, UN},
  journal={UN DHA (United Nations Department of Humanitarian Affairs), Geneva},
  year={1992}
}